% Encoding: UTF-8

@Article{Wachsmuth2011,
  author    = {Wachsmuth, Gerd and Wachsmuth, Daniel},
  title     = {Convergence and regularization results for optimal control problems with sparsity functional},
  journal   = {ESAIM Control. Optim. Calc. Var.},
  year      = {2011},
  volume    = {17},
  number    = {3},
  pages     = {858--886},
  doi       = {10.1051/cocv/2010027},
  publisher = {EDP Sciences},
}

@Book{Ulbrich2011,
  title     = {Semismooth {N}ewton {M}ethods for {V}ariational {I}nequalities and {C}onstrained {O}ptimization {P}roblems in {F}unction {S}paces},
  publisher = {SIAM},
  year      = {2011},
  author    = {Michael Ulbrich},
  series    = {MOS-SIAM Ser. Optim.},
  address   = {Philadelphia, PA},
  doi       = {10.1137/1.9781611970692},
}

@Book{DelosReyes2015,
  title     = {Numerical {PDE}-{C}onstrained {O}ptimization},
  publisher = {Springer},
  year      = {2015},
  author    = {De los Reyes, Juan Carlos},
  series    = {SpringerBriefs Optim.},
  address   = {Cham},
  doi       = {10.1007/978-3-319-13395-9},
}

@Book{Troeltzsch2010a,
  title     = {Optimal {C}ontrol of {P}artial {D}ifferential {E}quations: {T}heory, Methods and Applications},
  publisher = {American Mathematical Society},
  year      = {2010},
  author    = {Tr\"oltzsch, Fredi},
  series    = {Grad. Stud. Math. 112},
  address   = {Providence, RI},
  note      = {Translated by J\"urgen Sprekels},
}

@Misc{OPTPDE,
  title  = {{OPTPDE} --- A Collection of Problems in {PDE}-Constrained Optimization},
  note   = {\texttt{http://www.optpde.net}},
  editor = {R. Herzog and A. R{\"o}sch and S. Ulbrich and W. Wollner},
  key    = {OPTPDE},
  url    = {http://www.optpde.net},
}

@InCollection{Herzog2014,
  author    = {Herzog, Roland and R\"{o}sch, Arnd and Ulbrich, Stefan and Wollner, Winnifried},
  title     = {O{PTPDE}: {A} collection of problems in {PDE}-constrained optimization},
  booktitle = {Trends in {PDE} {C}onstrained {O}ptimization},
  publisher = {Birkh\"{a}user},
  year      = {2014},
  series    = {Internat. Ser. Numer. Math. 165},
  pages     = {539--543},
  address   = {Cham},
  doi       = {10.1007/978-3-319-05083-6_34},
  mrclass   = {49-00},
  mrnumber  = {3330523},
}

@Article{Hintermueller2004,
  author     = {Hinterm\"{u}ller, Michael and Ulbrich, Michael},
  title      = {A mesh-independence result for semismooth {N}ewton methods},
  journal    = {Math. Program.},
  year       = {2004},
  volume     = {101},
  number     = {1, Ser. B},
  pages      = {151--184},
  issn       = {0025-5610},
  doi        = {10.1007/s10107-004-0540-9},
  fjournal   = {Mathematical Programming. A Publication of the Mathematical Programming Society},
  mrclass    = {65J15 (49J40 49K20 49M25 90C33)},
  mrnumber   = {2085262},
  mrreviewer = {C. Ilioi},
}

@Misc{Garries2019,
  author       = {Sebastian Garries and Michael Ulbrich},
  title        = {An Inexact Trust-Region Algorithm for Constrained Problems in {H}ilbert Space and Its Application to the Adaptive Solution of Optimal Control Problems with {PDE}s},
  howpublished = {Preprint, Technische Universit\"at M\"unchen, M\"unchen},
  year         = {2019},
  url          = {https://www-m1.ma.tum.de/foswiki/pub/M1/Lehrstuhl/PublikationenUlbrich/GarreisUlbrich-2019-1.pdf},
}

@Article{Kunisch2010,
  author    = {Karl Kunisch and Wenbin Liu and Yanzhen Chang and Ningning Yan and Ruo Li},
  title     = {Adaptive Finite Element Approximation for a Class of Parameter Estimation Problems},
  journal   = {J. Comput. Math.},
  year      = {2010},
  volume    = {28},
  number    = {5},
  pages     = {645--675},
  doi       = {10.4208/jcm.2009.10-m1016},
  publisher = {Global Science Press},
}

@Article{Vallejos2008,
  author     = {Michelle Vallejos and Alfio Borz\`\i},
  title      = {Multigrid optimization methods for linear and bilinear elliptic optimal control problems},
  journal    = {Computing},
  year       = {2008},
  volume     = {82},
  number     = {1},
  pages      = {31--52},
  issn       = {0010-485X},
  doi        = {10.1007/s00607-008-0261-7},
  fjournal   = {Computing. Archives for Scientific Computing},
  mrclass    = {49K20 (65K10)},
  mrnumber   = {2395267},
  mrreviewer = {Ruxandra Stavre},
}

@Article{Chen2009,
  author     = {Chen, Yanping and Dai, Yongquan},
  title      = {Superconvergence for optimal control problems governed by semi-linear elliptic equations},
  journal    = {J. Sci. Comput.},
  year       = {2009},
  volume     = {39},
  number     = {2},
  pages      = {206--221},
  issn       = {0885-7474},
  doi        = {10.1007/s10915-008-9258-9},
  fjournal   = {Journal of Scientific Computing},
  mrclass    = {49M25 (49J20 65K15 65N12)},
  mrnumber   = {2506651},
  mrreviewer = {Nasser H. Sweilam},
}

@Book{Borzi2011,
  title     = {Computational {O}ptimization of {S}ystems {G}overned by {P}artial {D}ifferential {E}quations},
  publisher = {SIAM},
  year      = {2011},
  author    = {Borz\`{i}, Alfio and Schulz, Volker},
  series    = {Comput. Sci. Eng. 8},
  address   = {Philadelphia, PA},
  doi       = {10.1137/1.9781611972054}
}

@Article{Vallejos2010,
  author     = {Vallejos, Michelle},
  title      = {M{GOPT} with gradient projection method for solving bilinear elliptic optimal control problems},
  journal    = {Computing},
  year       = {2010},
  volume     = {87},
  number     = {1-2},
  pages      = {21--33},
  issn       = {0010-485X},
  doi        = {10.1007/s00607-009-0073-4},
  fjournal   = {Computing. Archives for Scientific Computing},
  mrclass    = {49M25 (49K20 65N55)},
  mrnumber   = {2601772},
  mrreviewer = {Dmitriy Leykekhman},
}




